@INPROCEEDINGS{Energy-Efficient,
  author={Chen, Sz-Han and Shen, Li-Hsiang and Feng, Kai-Ten and Yang, Lie-Liang and Wu, Jen-Ming},
  booktitle={2024 IEEE 99th Vehicular Technology Conference (VTC2024-Spring)}, 
  title={Energy-Efficient Joint Handover and Beam Switching Scheme for Multi-LEO Networks}, 
  year={2024},
  volume={},
  number={},
  pages={1-7},
  keywords={Vehicular and wireless technologies;Wireless networks;Power control;Low earth orbit satellites;Interference;Switches;Handover},
  doi={10.1109/VTC2024-Spring62846.2024.10683088}}

@techreport{38811,
  author       = "{3GPP}",
  title        = "{Study on New Radio (NR) to support non-terrestrial networks}",
  institution  = "{3rd Generation Partnership Project (3GPP)}",
  type         = "Technical Report",
  number       = "TR 38.811",
  year         = "2020",
  month        = "June",
  note         = "Version 15.4.0",
  url          = "https://www.3gpp.org/ftp/Specs/archive/38_series/38.811/",
}

@ARTICLE{Satellite-Multi-Beam,
  author={Wang, Jiawei and Jiang, Chunxiao and Kuang, Linling and Han, Rui},
  journal={IEEE Transactions on Wireless Communications}, 
  title={Satellite Multi-Beam Collaborative Scheduling in Satellite Aviation Communications}, 
  year={2024},
  volume={23},
  number={3},
  pages={2097-2111},
  keywords={Satellites;Collaboration;Dynamic scheduling;Analytical models;Wireless communication;Satellite antennas;Phased arrays;Satellite communications;satellite beam scheduling;resource allocation;user location management},
  doi={10.1109/TWC.2023.3295382}}

@ARTICLE{User-Scheduling,
  author={Van Chien, Trinh and Lagunas, Eva and Ta, Tung Hai and Chatzinotas, Symeon and Ottersten, Bj√∂rn},
  journal={IEEE Transactions on Vehicular Technology}, 
  title={User Scheduling and Power Allocation for Precoded Multi-Beam High Throughput Satellite Systems With Individual Quality of Service Constraints}, 
  year={2023},
  volume={72},
  number={1},
  pages={907-923},
  keywords={Quality of service;Throughput;Satellites;High-temperature superconductors;Scheduling;Optimization;Resource management;Multi-beam high throughput satellite;power allocation;quality of service;sum throughput optimization;user scheduling},
  doi={10.1109/TVT.2022.3206264}}

@techreport{38331,
  author       = "{3GPP}",
  title        = "{Radio Resource Control (RRC) protocol specification}",
  institution  = "{3rd Generation Partnership Project (3GPP)}",
  type         = "Technical Report",
  number       = "TR 38.331",
  year         = "2024",
  month        = "March",
  note         = "Version 18.1.0",
  url          = "https://www.3gpp.org/ftp/Specs/archive/38_series/38.331/",
}

@techreport{38821,
  title        = {Solutions for NR to support Non-Terrestrial Networks (NTN)},
  institution  = {3rd Generation Partnership Project (3GPP)},
  number       = {TR 38.821},
  type         = {Technical Report},
  version      = {16.2.0},
  year         = {2023},
  note         = {Release 16},
  url          = {https://www.3gpp.org/dynareport/38821.htm}
}

@techreport{38300,
  title        = {NR; NR and NG-RAN Overall description; Stage-2},
  institution  = {3rd Generation Partnership Project (3GPP)},
  number       = {TS 38.300},
  type         = {Technical Specification},
  version      = {18.3.0},
  year         = {2024},
  note         = {Release 18},
  url          = {https://www.3gpp.org/dynareport/38300.htm}
}

@ARTICLE{channel-model,
  author={Jung, Dong-Hyun and Ryu, Joon-Gyu and Byun, Woo-Jin and Choi, Junil},
  journal={IEEE Transactions on Communications}, 
  title={Performance Analysis of Satellite Communication System Under the Shadowed-Rician Fading: A Stochastic Geometry Approach}, 
  year={2022},
  volume={70},
  number={4},
  pages={2707-2721},
  keywords={Satellites;Satellite broadcasting;Low earth orbit satellites;Throughput;Probability;Power system reliability;Fading channels;Satellite communications;Poisson limit theorem;outage probability;throughput maximization;stochastic geometry},
  doi={10.1109/TCOMM.2022.3142290}}

@ARTICLE{Channel-Adaptive,
  author={Moon, Hichan},
  journal={IEEE Journal on Selected Areas in Communications}, 
  title={Channel-Adaptive Random Access With Discontinuous Channel Measurements}, 
  year={2016},
  volume={34},
  number={5},
  pages={1704-1712},
  keywords={Power measurement;Receivers;Time measurement;Channel estimation;Power demand;Fading channels;Wireless communication;random access;channel measurement;low power communication;Internet of Things (IoT);Random access;channel measurement;low power communication;Internet of Things (IoT)},
  doi={10.1109/JSAC.2016.2551562}}

@ARTICLE{Optimum-Power,
  author={Moon, Hichan},
  journal={IEEE Transactions on Wireless Communications}, 
  title={Optimum Power Allocation for Preamble Detection With Channel-Adaptive Random Access}, 
  year={2013},
  volume={12},
  number={11},
  pages={5424-5433},
  keywords={Resource management;Wireless communication;Fading;Channel estimation;Receivers;Gain;Moon;Random Access;power limitation;power allocation;low power communication},
  doi={10.1109/TWC.2013.101613.120750}}

@techreport{ran1-116,
  title        = {Final Report of 3GPP TSG RAN WG1 \#116 v1.0.0},
  institution  = {3rd Generation Partnership Project (3GPP)},
  author       = {{3GPP TSG RAN WG1}},
  type         = {Technical Report},
  number       = {R1-2400000},
  address      = {Athens, Greece},
  month        = {February},
  year         = {2024},
  note         = {Meeting held February 26th -- March 1st, 2024},
  url          = {https://www.3gpp.org/ftp/tsg_ran/WG1_RL1/TSGR1_116/Report/Final_Report_3GPP_TSG_RAN_WG1_116_v1.0.0.pdf}
}

